<?xml version="1.0" encoding="UTF-8"?><collection><record><leader>11607ntm a2200769 a 4500</leader><controlfield tag="001">006815124</controlfield><controlfield tag="003">MiAaHDL</controlfield><controlfield tag="005">20190906000000.0</controlfield><controlfield tag="006">m        d        </controlfield><controlfield tag="007">cr bn ---auaua</controlfield><controlfield tag="008">090610s1663    ye            00| ||ara d</controlfield><datafield tag="035" ind1=" " ind2=" "><subfield code="a">(MiU)006815124</subfield></datafield><datafield tag="035" ind1=" " ind2=" "><subfield code="a">sdr-miu006815124</subfield></datafield><datafield tag="040" ind1=" " ind2=" "><subfield code="a">MiU</subfield><subfield code="c">MiU</subfield><subfield code="e">amremm</subfield></datafield><datafield tag="043" ind1=" " ind2=" "><subfield code="a">n-us-mi</subfield></datafield><datafield tag="100" ind1="1" ind2=" "><subfield code="6">880-01</subfield><subfield code="a">Ibn Ḥijjah al-Ḥamawī, Taqī al-Dīn Abū Bakr ibn ʻAlī,</subfield><subfield code="d">-1434.</subfield></datafield><datafield tag="245" ind1="1" ind2="0"><subfield code="6">880-02</subfield><subfield code="a">Khizānat al-adab wa-ghāyat al-arab,</subfield><subfield code="f">[1073, i.e. 1663].</subfield></datafield><datafield tag="246" ind1="3" ind2=" "><subfield code="i">Title in GAL:</subfield><subfield code="a">Taqdīm Abī Bakr</subfield></datafield><datafield tag="246" ind1="3" ind2=" "><subfield code="i">Title from inscription on 'title page' (p.3):</subfield><subfield code="a">بديعية ابن حجة</subfield></datafield><datafield tag="246" ind1="3" ind2=" "><subfield code="i">Title from inscription on slip affixed to upper board lining:</subfield><subfield code="a">بديعية ابن حجة الحموي</subfield></datafield><datafield tag="246" ind1="3" ind2=" "><subfield code="i">Edge title (tail):</subfield><subfield code="a">بديعية ابن حجة</subfield></datafield><datafield tag="246" ind1="3" ind2=" "><subfield code="i">Edge title (head):</subfield><subfield code="a">بديعية ابن حجة</subfield></datafield><datafield tag="260" ind1=" " ind2=" "><subfield code="a">[Malḥukī,</subfield><subfield code="c">1663].</subfield></datafield><datafield tag="300" ind1=" " ind2=" "><subfield code="a">193 leaves :</subfield><subfield code="b">paper ;</subfield><subfield code="c">309 x 222 (233 x 143) mm.</subfield></datafield><datafield tag="500" ind1=" " ind2=" "><subfield code="a">Shelfmark: Ann Arbor, University of Michigan, Special Collections Research Center, Isl. Ms. 638</subfield></datafield><datafield tag="500" ind1=" " ind2=" "><subfield code="a">Origin: As appears in colophon on p.384, copied by ʻAlī ibn ʻAbd Allāh al-Zubayr al-Mulaykī [al-Malīkī] in his residence in qaryat al-Malḥukī (locale of the renowned Jāmiʻ al-Mulaykī [ جامع المليكي ], to the east of the city of Ibb, Yemen) with transcription completed 7 Rajab 1073 [February 1663]. As appears in preceding authorial colophon (also on p.384), composition completed Dhū al-Qaʻdah 826 [October-November 1423].</subfield></datafield><datafield tag="500" ind1=" " ind2=" "><subfield code="a">Accompanying materials: a. Inventory cataloguing slip in hand of Winifred Smeaton Thomas -- b. Acquisitions slip from Yahuda.</subfield></datafield><datafield tag="500" ind1=" " ind2=" "><subfield code="a">Former shelfmark: From label applied to interior of upper cover and spine label "IL 109" (likely supplied by Yahuda, see acquisitions slip) ; "٣٥" on tail edge.</subfield></datafield><datafield tag="500" ind1=" " ind2=" "><subfield code="a">Binding: Pasteboards covered in dark brown leather ; Type II binding (with flap, now lost) ; board linings in yellow surface-dyed laid paper, recycled paper used for hinges ; upper and lower covers carry blind-stamped (with red leather onlays) mandorla (filled with vegetal composition vaguely reminiscent of Déroche class. OAi 11), pendants, cornerpieces, and domed accent pieces (at the mid-point of each board edge) along with border in tooled rules ; sewn in cream thread, two stations, some threads broken (e.g. quire 13 with sewing at p.200) ; opening gathering resewn in white thread, likely to secure cover worked chevron endbands in red and cream, intact though core and primaries exposed at spine ; overall in poor condition with flap entirely lost, abrasion and staining, lifting and losses of leather, delamination of boards, cover fully detached at spine, etc. ; repairs to spine and corners of lower board in brown leather (also damaged with deterioration and losses, exposing spine lining, and supplemented by recycled paper = manuscript waste on lower board).</subfield></datafield><datafield tag="500" ind1=" " ind2=" "><subfield code="a">Support: European [likely] laid paper with 9 laid lines per cm. or 20 laid lines in roughly 22 mm. (horizontal) and single chain lines fairly regularly spaced at 24-25 mm. apart (vertical) though without visible watermark ; well-burnished, thick, sturdy and crisp ; some pest damage and staining.</subfield></datafield><datafield tag="500" ind1=" " ind2=" "><subfield code="a">Decoration: Lines of the poem, some headings and keywords rubricated, others in yellow or heavy black ink ; notabilia in the form of rubricated Hindu-Arabic numerals appear in the margins marking where the lines of the poem appear ; textual dividers in the form of yellow discs with red and black accents, black encircled dot with yellow accents, black encircled dot, and red discs (most closely resembling types 2, 3, and 19 in Regourd, Catalogue cumulé des bibliothèques de manuscrits de Zabid, fascicule 1).</subfield></datafield><datafield tag="500" ind1=" " ind2=" "><subfield code="a">Script: Naskh ; elegant Yemeni hand in a narrow line ; mainly serifless, though sharp, right or left-sloping head-serif appears irregularly on occasional free-standing alif or lām of definite article, effect of tilt to the left, mainly curvilinear descenders (some sweeping), somewhat casually pointed with pointing for two and three dots in distinct or conjoined dots (ṭāʼ occasionally marked with dot below), mix of closed and open counters, some free assimilation of letters, yāʼ of في often mardūdah, partially vocalized ; keywords / headings in larger, bolder script (heavier line) approaching tawqīʻ.</subfield></datafield><datafield tag="500" ind1=" " ind2=" "><subfield code="a">Layout: Written in 35 lines per page ; written area often divided to two or three columns to set off poetry ; frame-ruled (impression of ruling board / misṭarah evident).</subfield></datafield><datafield tag="500" ind1=" " ind2=" "><subfield code="a">Collation: 23 IV (184), IV+1 (193) ; chiefly quaternions ; quire numbering in the form of full words appearing in the upper outer corer of the recto of the opening leaf of each quire (see p.17, 33, etc.) ; catchwords present ; pagination in pencil, Western numerals, supplied during digitization (skips two pages between p.251 and p.252).</subfield></datafield><datafield tag="500" ind1=" " ind2=" "><subfield code="a">Colophon: "Authorial," rectangular, reads "قال المصنف رحمه الله تعالى وكان الفراغ من هذا المصنف المبارك في شهر ذي القعدة الحرام سنة ست وعشرين وثمانمائة وحسبنا الله ونعم الوكيل نعم المولى ونعم النصير" ; "Scribal," rectangular, reads "وافق الفراغ من نساخة هذا الشرح المبارك بحمد الله ومنه وتيسيره واعانته ظهر يوم الاربعا سابع شهر رجب الاصم احد شهور سنة ثلاث وسبعين والف من الهجرة الطاهرة النبوية على صاحبها افضل الصلاة والتسليم وكان ذلك بخط الفقير الى الله علي بن عبد الله الزبير المليكي في منزله المبارك في قرية الملحكي حرسها الله تعالى بالصالحين"</subfield></datafield><datafield tag="500" ind1=" " ind2=" "><subfield code="a">Explicit: "وما تقرر من البحث مع المقصر في نظمه ما يتفرق به شمل مجاميع الادب وتنسى تذكاره وقد انتهت الغاية بحمد الله الى حسن الختام واوردت فيه ما لا خفيت محاسنه على المتأمل ولا ضمه صدر كتاب وانا اسأل الله حسن الخاتمة ببركة الممدوح عليه افضل الصلاة والسلام"</subfield></datafield><datafield tag="500" ind1=" " ind2=" "><subfield code="a">Incipit: "الحمد لله البديع الرفيع الذي احسن ابتداء خلقنا بصنعته واولنا جميل الصنيع ... وبعد فهذه البديعية التي نسجتها بمدحه صلى الله عليه وسلم على منوال طرح [؟] البردة ... فجاءت بديعية هدمت بها ما نحته الموصلي في بيوته من الجبال وجاريت الصفى مقيدا بتسمية النوع وهو من ذلك محلول العقال وسميته [سميتها] بتقديم ابي بكر ... فقلت لي في ابتدا مدحكم يا عرب ذي سلم ..."</subfield></datafield><datafield tag="500" ind1=" " ind2=" "><subfield code="a">Title from inscription on slip affixed to upper board lining.</subfield></datafield><datafield tag="500" ind1=" " ind2=" "><subfield code="a">Ms. codex.</subfield></datafield><datafield tag="510" ind1="4" ind2=" "><subfield code="a">Kropf, E. "The Yemeni manuscripts of the Yahuda Collection at the University of Michigan: provenance and acquisition," Chroniques du manuscrit au Yémen, 13 (janvier 2012).</subfield></datafield><datafield tag="510" ind1="4" ind2=" "><subfield code="a">Regourd, Anne. Catalogue cumulé des bibliothèques de manuscrits de Zabid. Fascicule 1, Les papiers filigranés. Sanaa, 2008.</subfield></datafield><datafield tag="510" ind1="4" ind2=" "><subfield code="a">Brit. Mus. Suppl.</subfield><subfield code="c">985</subfield></datafield><datafield tag="510" ind1="4" ind2=" "><subfield code="a">Ḥājjī Khalīfah. Kashf al-ẓunūn,</subfield><subfield code="c">ii 34</subfield></datafield><datafield tag="510" ind1="4" ind2=" "><subfield code="a">Brockelmann, C. GAL,</subfield><subfield code="c">II 16</subfield></datafield><datafield tag="520" ind1="8" ind2=" "><subfield code="a">Elegant copy of the author's commentary on his poem in praise of the Prophet, al-Badīʻīyah or Taqdīm Abī Bakr. Contents listing on opening leaf (p.1).</subfield></datafield><datafield tag="538" ind1=" " ind2=" "><subfield code="a">Mode of access: Internet.</subfield></datafield><datafield tag="541" ind1=" " ind2=" "><subfield code="a">Acquired in 1926 from the bookseller Isaac Benjamin S.E. Yahuda via purchase transacted on his behalf by Abraham Shalom Yahuda (1877-1951), his younger brother.</subfield></datafield><datafield tag="546" ind1=" " ind2=" "><subfield code="a">Arabic.</subfield></datafield><datafield tag="561" ind1=" " ind2=" "><subfield code="a">A few former owners' marks (mainly obscured or illegible statements) among the poetic excerpts on upper board lining ; several ownership statements (some effaced) on 'title page' (p.3), including effaced statement dated Shawwāl 1242 [?] [1827 ?], statement in name of ʻAbd al-Naẓẓām Muḥammad ibn ʻAlī [?] ( عبد النظام محمد بن علي ؟ ), statement in name of Muḥammad ibn ʻAbd al-Qādir ibn ʻAbd Allāh al-Jubbī [?] ( محمد بن عبد القادر بن عبد الله الجبي ؟ ), borrowing / lending notice in name of Qāsim ibn Muḥammad ibn ʻAbd al-Qādir Jubbī [?] ( قاسم ابن محمد ابن عبد القادر الجبي ؟ ) who borrowed the volume from the aforementioned Muḥammad ibn ʻAbd al-Qādir al-Jubbī [?], ownership / purchase statement in name of one ʻAbd al-Raḥmān ibn al-ʻUthmān [?] (عبد الرحمن بن العثمان ؟ ) via Aḥmad ibn Muḥsin al-Ṣarmī [?] ( احمد بن محسن الصرمي ؟) from Muḥammad ibn ʻAbd al-Qādir (محمد بن عبد القادر) dated end of Rabīʻ I 1232 [1817], statement in name of al-ʻAbbās ibn Ibrāhīm [?] (العباس بن ابراهيم ؟ ), and purchase statement dated Rabīʻ I 1264 [?] [February-March 1848 ?] in name of Muḥammad ibn ʻAlī ibn Muḥammad ibn ʻAlī ( محمد بن علي بن محمد بن علي) who purchased the book from Muḥammad ibn ʻAbd al-Raḥmān ( محمد بن عبد الرحمن ) ; several excerpts (verso, p.2) in addition to table of contents (recto, p.1) on opening leaf including verses in praise of fine handwriting (likely in the hand of the copyist) ; notabilia (e.g. "تأمل" p.37), glosses and marginal corrections (with signes de renvoi), some in decorative shapes (see p.79) ; collation marks, mainly in the form of unpointed "بلغ" (see p.7, etc.).</subfield></datafield><datafield tag="600" ind1="0" ind2="0"><subfield code="a">Muḥammad,</subfield><subfield code="c">Prophet,</subfield><subfield code="d">-632</subfield><subfield code="v">Poetry</subfield><subfield code="v">Early works to 1800.</subfield></datafield><datafield tag="600" ind1="1" ind2="0"><subfield code="a">Ibn Ḥijjah al-Ḥamawī, Taqī al-Dīn Abū Bakr ibn ʻAlī,</subfield><subfield code="d">d. 1434.</subfield><subfield code="t">Badī‘īyah.</subfield></datafield><datafield tag="650" ind1=" " ind2="0"><subfield code="a">Manuscripts, Arabic</subfield><subfield code="z">Michigan</subfield><subfield code="z">Ann Arbor.</subfield></datafield><datafield tag="700" ind1="0" ind2=" "><subfield code="6">880-09</subfield><subfield code="a">Muḥammad ibn ʻAbd al-Raḥmān,</subfield><subfield code="d">fl. 1848</subfield><subfield code="e">مالك سابق.</subfield></datafield><datafield tag="700" ind1="0" ind2=" "><subfield code="6">880-08</subfield><subfield code="a">Muḥammad ibn ʻAlī ibn Muḥammad ibn ʻAlī,</subfield><subfield code="d">fl. 1848,</subfield><subfield code="e">former owner.</subfield></datafield><datafield tag="700" ind1="0" ind2=" "><subfield code="6">880-07</subfield><subfield code="a">ʻAbd al-Raḥmān ibn al-ʻUthmān,</subfield><subfield code="d">fl. 1817,</subfield><subfield code="e">former owner.</subfield></datafield><datafield tag="700" ind1="0" ind2=" "><subfield code="6">880-06</subfield><subfield code="a">Muḥammad ibn ʻAbd al-Qādir ibn ʻAbd Allāh al-Jubbī,</subfield><subfield code="d">fl. 1817,</subfield><subfield code="e">former owner.</subfield></datafield><datafield tag="700" ind1="0" ind2=" "><subfield code="6">880-05</subfield><subfield code="a">ʻAbd al-Naẓẓām Muḥammad ibn ʻAlī,</subfield><subfield code="e">former owner.</subfield></datafield><datafield tag="700" ind1="0" ind2=" "><subfield code="6">880-04</subfield><subfield code="a">‘Alī ibn ‘Abd Allāh al-Zubayr al-Mulaykī,</subfield><subfield code="d">fl. 1663,</subfield><subfield code="t">scribe.</subfield></datafield><datafield tag="773" ind1="0" ind2=" "><subfield code="a">Yahuda Collection.</subfield></datafield><datafield tag="880" ind1="0" ind2=" "><subfield code="6">700-09/</subfield><subfield code="a">محمد بن عبد الرحمن،</subfield><subfield code="e">مالك سابق.</subfield></datafield><datafield tag="880" ind1="0" ind2=" "><subfield code="6">700-08/</subfield><subfield code="a">محمد بن علي بن محمد بن علي،</subfield><subfield code="e">مالك سابق.</subfield></datafield><datafield tag="880" ind1="0" ind2=" "><subfield code="6">700-07/</subfield><subfield code="a">عبد الرحمن بن العثمان،</subfield><subfield code="e">مالك سابق.</subfield></datafield><datafield tag="880" ind1="0" ind2=" "><subfield code="6">700-06/</subfield><subfield code="a">محمد بن عبد القادر بن عبد الله الجبي،</subfield><subfield code="e">مالك سابق.</subfield></datafield><datafield tag="880" ind1="0" ind2=" "><subfield code="6">700-05/</subfield><subfield code="a">عبد النظام محمد بن علي،</subfield><subfield code="e">مالك سابق.</subfield></datafield><datafield tag="880" ind1="0" ind2=" "><subfield code="6">700-04/</subfield><subfield code="a">علي بن عبد الله الزبير المليكي,</subfield><subfield code="t">ناسخ.</subfield></datafield><datafield tag="880" ind1="1" ind2="0"><subfield code="6">245-02/</subfield><subfield code="a">خزانة الادب وغاية الارب,</subfield><subfield code="f">[1073ه، 1663م].</subfield></datafield><datafield tag="880" ind1="1" ind2=" "><subfield code="6">100-01/</subfield><subfield code="a">ابن حجة الحموي، تقي الدين أبو بكر بن علي.</subfield></datafield><datafield tag="CID" ind1=" " ind2=" "><subfield code="a">006815124</subfield></datafield><datafield tag="DAT" ind1="0" ind2=" "><subfield code="a">20190906040243.0</subfield><subfield code="b">20190906000000.0</subfield></datafield><datafield tag="DAT" ind1="1" ind2=" "><subfield code="a">20190906090504.0</subfield><subfield code="b">2019-09-06T16:07:29Z</subfield></datafield><datafield tag="DAT" ind1="2" ind2=" "><subfield code="a">2015-10-02T18:00:03Z</subfield></datafield><datafield tag="CAT" ind1=" " ind2=" "><subfield code="a">SDR-MIU</subfield><subfield code="d">EX LIBRIS - ALEPH</subfield><subfield code="l">prepare.pl-004-008</subfield></datafield><datafield tag="FMT" ind1=" " ind2=" "><subfield code="a">BK</subfield></datafield><datafield tag="HOL" ind1=" " ind2=" "><subfield code="0">sdr-miu006815124</subfield><subfield code="a">MiU</subfield><subfield code="b">SDR</subfield><subfield code="c">MIU</subfield><subfield code="p">mdp.39015079129295</subfield><subfield code="s">MIU</subfield><subfield code="1">006815124</subfield></datafield><datafield tag="974" ind1=" " ind2=" "><subfield code="b">MIU</subfield><subfield code="c">MIU</subfield><subfield code="d">20190906</subfield><subfield code="s">lit-dlps-dc</subfield><subfield code="u">mdp.39015079129295</subfield><subfield code="y">1663</subfield><subfield code="r">pd</subfield><subfield code="q">bib</subfield><subfield code="t">non-US bib date1 &lt; 1896</subfield></datafield></record></collection>